<?xml version="1.0" encoding="UTF-8"?><collection xmlns="http://www.loc.gov/MARC21/slim"><record><leader>00460nam--2200121-i-4500</leader><controlfield tag="001">000049131</controlfield><controlfield tag="002">20161230</controlfield><controlfield tag="005">20161230201047</controlfield><controlfield tag="008">060222s1000------------r-----000-0-eng-d</controlfield><datafield ind1=" " ind2=" " tag="080"><subfield code="a">614.876</subfield></datafield><datafield ind1=" " ind2=" " tag="245"><subfield code="a">La radioprotection du milieu devant le developpment des utilisations pacifiques de l`energie nucleaire. actes du congres international tenu a toulouse, les 14, 15, 16 mars 1967</subfield></datafield><datafield ind1=" " ind2=" " tag="260"><subfield code="a">Paris, Societe Francaise De Radioprotection, 1968, 661p</subfield></datafield><datafield ind1=" " ind2=" " tag="852"><subfield code="a">27722</subfield></datafield></record></collection>